@ARTICLE{arnatovich18android, 
	author={Y. L. {Arnatovich} and L. {Wang} and N. M. {Ngo} and C. {Soh}}, 
	journal={IEEE Access}, 
	title={A Comparison of Android Reverse Engineering Tools via Program Behaviors Validation Based on Intermediate Languages Transformation}, 
	year={2018}, 
	volume={6}, 
	number={}, 
	pages={12382-12394}, 
	keywords={Android (operating system);Java;mobile computing;program diagnostics;program testing;reverse engineering;software tools;statistical testing;dex2jar;executable source;program analysis performance;Android reverse engineering tools;program behaviors validation;intermediate languages transformation;reverse engineering technique;Android applications;Dalvik bytecode;Android reversing tools;Apktool;Soot;Smali IL;Jasmin IL;Jimple IL;statistical test;random-event-based test;Androids;Humanoid robots;Java;Tools;Testing;Virtual machining;Memory management;Event-based testing;intermediate languages;program behaviours;reliability;reverse engineering;statistics}, 
	doi={10.1109/ACCESS.2018.2808340}, 
	ISSN={2169-3536}, 
	month={},}

@inproceedings{arnatovich14android,
	author        = "Yauhen Arnatovich and Hee Beng Kuan Tan and Sun Ding and Kaiping Liu and Lwin Khin Shar",
	booktitle     = "{Proceedings of the 26th International Conference on Software Engineering and Knowledge Engineering}",
	pages         = "205--210",
	publisher     = "{Knowledge Systems Institute Graduate School}",
	title         = "{Empirical Comparison of Intermediate Representations for Android Applications}",
	year          = 2014,
}

@INPROCEEDINGS{linan18rip, 
	author={S. {Liñ\'an} and L. {Bello-Jim\'enez} and M. {Ar\'evalo} and M. {Linares-V\'asquez}}, 
	booktitle={2018 IEEE International Conference on Software Maintenance and Evolution (ICSME)}, 
	title={Automated Extraction of Augmented Models for Android Apps}, 
	year={2018}, 
	volume={}, 
	number={}, 
	pages={549-553}, 
	keywords={Android (operating system);graphical user interfaces;mobile computing;program testing;software maintenance;automated extraction;augmented models;Android apps;mobile software development;device fragmentation;enormous hardware;software diversity;event-driven programming;user interactions;sensor readings;mobile frameworks;error-prone code;external variables;app development process;mobile applications;high quality apps;tests suites;mobile devices;extract models;mobile apps;GUI-related information;multimodel representation;automated testing;Graphical user interfaces;Testing;Tools;Context modeling;Analytical models;Computer crashes;Wireless fidelity;Android testing;Software modeling;Model testing;Mobile testing;Mobile software development;Multi model testing;multi model;augmented model;gui model}, 
	doi={10.1109/ICSME.2018.00065}, 
	ISSN={2576-3148}, 
	month={Sep.},}


@inproceedings{amalfitano12androidrip,
	author = {Amalfitano, Domenico and Fasolino, Anna Rita and Tramontana, Porfirio and De Carmine, Salvatore and Memon, Atif M.},
	title = {Using GUI Ripping for Automated Testing of Android Applications},
	booktitle = {Proceedings of the 27th IEEE/ACM International Conference on Automated Software Engineering},
	series = {ASE 2012},
	year = {2012},
	isbn = {978-1-4503-1204-2},
	location = {Essen, Germany},
	pages = {258--261},
	numpages = {4},
	url = {http://doi.acm.org/10.1145/2351676.2351717},
	doi = {10.1145/2351676.2351717},
	acmid = {2351717},
	publisher = {ACM},
	address = {New York, NY, USA},
	keywords = {Android, Testing Automation, Testing Tools},
}

@ARTICLE{amalfitano15mobiguitar, 
	author={D. {Amalfitano} and A. R. {Fasolino} and P. {Tramontana} and B. D. {Ta} and A. M. {Memon}}, 
	journal={IEEE Software}, 
	title={MobiGUITAR: Automated Model-Based Testing of Mobile Apps}, 
	year={2015}, 
	volume={32}, 
	number={5}, 
	pages={53-59}, 
	keywords={Android (operating system);finite state machines;graphical user interfaces;mobile computing;program testing;public domain software;open-source Android apps;scalable state machine model;automated GUI-driven testing;mobile GUI testing framework;user-interface-driven system testing;mobile apps;automated model-based testing;MobiGUITAR;Software testing;Graphical user interfaces;Androids;Humanoid robots;Mobile communication;Computer bugs;software testing;GUI testing;android testing;software engineering;mobile apps;Android apps;MobiGUITAR}, 
	doi={10.1109/MS.2014.55}, 
	ISSN={0740-7459}, 
	month={Sep.},}

@INPROCEEDINGS{moran16crashschope, 
	author={K. {Moran} and M. {Linares-V\'asquez} and C. {Bernal-C\'ardenas} and C. {Vendome} and D. {Poshyvanyk}}, 
	booktitle={2016 IEEE International Conference on Software Testing, Verification and Validation (ICST)}, 
	title={Automatically Discovering, Reporting and Reproducing Android Application Crashes}, 
	year={2016}, 
	volume={}, 
	number={}, 
	pages={33-44}, 
	keywords={Android (operating system);graphical user interfaces;mobile computing;program diagnostics;Android application crashes;mobile developers;GUI event-driven nature;CRASHSCOPE;systematic input generation;static analyses;dynamic analyses;crash reproduction steps;exception stack trace;fault information;human written reports;Computer crashes;Graphical user interfaces;Androids;Humanoid robots;Testing;Mobile communication;Systematics;android;crash reports;GUI-testing}, 
	doi={10.1109/ICST.2016.34}, 
	ISSN={}, 
	month={April},}


@INPROCEEDINGS{linares17icsme, 
	author={M. {Linares-V\'asquez} and K. {Moran} and D. {Poshyvanyk}}, 
	booktitle={ICSME'17}, 
	title={Continuous, Evolutionary and Large-Scale: A New Perspective for Automated Mobile App Testing}, 
	year={2017}, 
	volume={}, 
	number={}, 
	pages={399-410}, 
	keywords={mobile computing;program testing;automated mobile app testing;mobile app development;device fragmentation;comprehensive mobile testing strategy;development process;automated testing tools;comprehensive automated solution;automated oracles;test cases;automated evolution;comprehensive testing solution;practical automated testing solution;comprehensive mobile app testing framework;Continuous, Evolutionary and Large-scale;contextual app states;effective testing solution;Testing;Mobile communication;Graphical user interfaces;Tools;Systematics;Automation;Manuals}, 
	doi={10.1109/ICSME.2017.27}, 
	ISSN={}, 
	month={Sep.},}


@inproceedings{linares15msr,
	author = {Linares-V\'{a}squez, Mario and White, Martin and Bernal-C\'{a}rdenas, Carlos and Moran, Kevin and Poshyvanyk, Denys},
	title = {Mining Android App Usages for Generating Actionable GUI-based Execution Scenarios},
	booktitle = {MSR´15},
	series = {MSR '15},
	year = {2015},
	isbn = {978-0-7695-5594-2},
	location = {Florence, Italy},
	numpages = {12},
	acmid = {2820534}
} 

@inproceedings{choudhary15ase,
	author = {Choudhary, Shauvik Roy and Gorla, Alessandra and Orso, Alessandro},
	title = {Automated Test Input Generation for Android: Are We There Yet? (E)},
	booktitle = {ASE'15},

	year = {2015},
	isbn = {978-1-5090-0025-8},
	pages = {429--440},
	numpages = {12},
	url = {https://doi.org/10.1109/ASE.2015.89},
	doi = {10.1109/ASE.2015.89},
	acmid = {2916273},

} 

@comment{--- Frameworks ---}

@online{calabash,
	author = {Calabash},
	title = {Calabash-Android},
	year = {2019},
	url = {http://calaba.sh/}
}

@online{uiautomator,
	author = {Android},
	title = {UI Automator},
	year = {2019},
	url = {https://developer.android.com/training/testing/ui-automator}
}

@online{espresso,
	author = {Android},
	title = {Espresso},
	year = {2019},
	url = {https://developer.android.com/training/testing/espresso}
}

@online{robotium,
	author = {RobotiumTech},
	title = {Robotium},
	year = {2019},
	url = {https://github.com/RobotiumTech/robotium}
}

@online{cucumberTool,
	author = {Cucumber},
	title = {Cucumber},
	year = {2012},
	url = {https://cucumber.io/}
}

@online{gherkin,
	author = {Cucumber},
	title = {Gherkin Language},
	year = {2012},
	url = {https://cucumber.io/docs/gherkin/}
}

@online{appium,
	author = {JS Foundation},
	title = {Appium},
	url = {http://appium.io/}
}

@inbook{cucumber,
	author = {M. Wynne, A. Hellesy}, 
	title = {The Cucumber for Java book},
	publisher = {Pragmatic Bookshelf},
	year = 2012,
	edition = 1,
	pages = {4-5},
}

@InProceedings{mao:sapienz:16,
	author = "Ke Mao and Mark Harman and Yue Jia",
	title = "Sapienz: Multi-objective Automated Testing for {Android} Applications",
	booktitle = "Proc. of ISSTA'16",
	year = "2016"
}

@inbook{softwareTesting ,
	author = {Peter Babington}, 
	title = {Software Testing},
	publisher = {Jones and Bartlett Learning},
	year = 2009,
	edition = 1,
	pages = {2-3},
}