@misc{apktool,
	Date-Added = {2014-08-31 09:09:17 -0500},
	Date-Modified = {2014-08-31 09:09:39 -0500},
	Title = {Apktool. \url{https://code.google.com/p/android-apktool/}}}

@misc{mutapk,
	Date-Added = {2018-12-11 09:09:17 -0500},
	Date-Modified = {2018-12-11 09:09:39 -0500},
	Title = {MutAPK. \url{https://github.com/TheSoftwareDesignLab/MutAPK}}}

@misc{rip,
	Date-Added = {2018-12-11 09:09:17 -0500},
	Date-Modified = {2018-12-11 09:09:39 -0500},
	Title = {RIP. \url{https://github.com/TheSoftwareDesignLab/rip}}}

@misc{tsdlJavaLib,
	Date-Added = {2019-04-16 09:09:17 -0500},
	Date-Modified = {2019-04-16 09:09:39 -0500},
	Title = {TSDL Java Lib. \url{https://github.com/TheSoftwareDesignLab/Helpers}}}

@misc{uberAPKSigner,
	Date-Added = {2014-08-31 09:09:17 -0500},
	Date-Modified = {2014-08-31 09:09:39 -0500},
	Title = {Uber APK Signer. \url{https://github.com/patrickfav/uber-apk-signer}}}


@misc{ios-internationalization-testing,
	Author = {Apple},
	Title = {Testing Your Internationalized App. \url{https://developer.apple.com/library/archive/documentation/MacOSX/Conceptual/BPInternational/TestingYourInternationalApp/TestingYourInternationalApp.html}}}

@misc{layout-test,
	Author = {Linked-in},
	Title = {LayoutTest-iOS repository. \url{https://github.com/linkedin/LayoutTest-iOS}}}

@misc{android-monkey,
	Author = {Google},
	Title = {UI/Application Exerciser Monkey. \url{https://developer.android.com/studio/test/monkey}}}

@misc{espressoTR,
	Author = {Google},
	Title = {Create UI tests with Espresso Test Recorder. \url{https://developer.android.com/studio/test/espresso-test-recorder}}}

@online{octopus,
	author = {A. Chow, B. Jiang},
	title = {Octopus to the Rescue: The Fascinating World of Inter-App Communications at Uber Engineering},
	year = {2015},
	url = {https://eng.uber.com/rescued-by-octopus/}
}

