@inproceedings{cantoni2014eye,
  title     = {Eye tracking as a computer input and interaction method},
  author    = {Cantoni, Virginio and Porta, Marco},
  booktitle = {Proceedings of the 15th International Conference on Computer Systems and Technologies},
  pages     = {1--12},
  year      = {2014}
}

@techreport{webaim,
  title       = {The WebAIM million: The 2024 report on the accessibility of the top 1,000,000 home pages.},
  institution = {WebAIM},
  year        = {2024},
  url         = {https://webaim.org/projects/million/}
}

@manual{tobiipronano-manual,
  title        = {Tobii Pro Nano: Enter the world of eye tracking research},
  author       = {Tobii-AB},
  organization = {Tobii AB},
  address      = {Stockholm, Sweden},
  year         = {n.d.},
  url          = {https://tobiipro.com}
}

@article{dondi2023gaze,
  title     = {Gaze-based human--computer interaction for museums and exhibitions: technologies, Applications and Future Perspectives},
  author    = {Dondi, Piercarlo and Porta, Marco},
  journal   = {Electronics},
  volume    = {12},
  number    = {14},
  pages     = {3064},
  year      = {2023},
  publisher = {MDPI}
}

@misc{accuracy-precision-tobii,
  author       = {Tobii-AB},
  organization = {Tobii AB},
  year         = {2023},
  title        = {Eye Tracker Accuracy and Precision},
  url          = {https://connect.tobii.com/s/article/eye-tracker-accuracy-and-precision}
}

@article{saiz2024using,
  title     = {Using eye tracking technology to analyse cognitive load in multichannel activities in university students},
  author    = {S{\'a}iz-Manzanares, Mar{\'\i}a Consuelo and Marticorena-S{\'a}nchez, Ra{\'u}l and Martin Anton, Luis J and Gonz{\'a}lez-D{\'\i}ez, Irene and Carbonero Mart{\'\i}n, Miguel {\'A}ngel},
  journal   = {International Journal of Human--Computer Interaction},
  volume    = {40},
  number    = {12},
  pages     = {3263--3281},
  year      = {2024},
  publisher = {Taylor \& Francis}
}

@article{taieb2024mining,
  title     = {Mining eye-tracking data for text summarization},
  author    = {Taieb-Maimon, Meirav and Romanovski-Chernik, Aleksandr and Last, Mark and Litvak, Marina and Elhadad, Michael},
  journal   = {International Journal of Human--Computer Interaction},
  volume    = {40},
  number    = {17},
  pages     = {4887--4905},
  year      = {2024},
  publisher = {Taylor \& Francis}
}

@article{jacob2003commentary,
  title     = {Commentary on Section 4. Eye tracking in human-computer interaction and usability research: Ready to deliver the promises},
  author    = {Jacob, Robert JK and Karn, Keith S},
  journal   = {The mindâ€™s eye},
  volume    = {2},
  number    = {3},
  pages     = {573--605},
  year      = {2003},
  publisher = {North-Holland Amsterdam, The Netherlands}
}

@article{ravelo2023kraken,
  title     = {Kraken 2.0: A platform-agnostic and cross-device interaction testing tool},
  author    = {Ravelo-M{\'e}ndez, William and Escobar-Vel{\'a}squez, Camilo and Linares-V{\'a}squez, Mario},
  journal   = {Science of Computer Programming},
  volume    = {225},
  pages     = {102897},
  year      = {2023},
  publisher = {Elsevier}
}

@book{book:3382520,
  title     = {Getting Started with Natural Language Processing},
  author    = {Ekaterina Kochmar},
  publisher = {Manning},
  isbn      = {1617296767,9781617296765},
  chapter   = {1},
  year      = {2022},
  series    = {},
  edition   = {},
  volume    = {},
  url       = {http://gen.lib.rus.ec/book/index.php?md5=A57D1B996409CE91B69840EE787F4712}
}